
@inproceedings{wuPassiveRespirationDetection2024,
 address = {Dubai, United Arab Emirates},
 annotation = {TLDR: A passive sensing and communication system designed specifically for respiration detection in the presence of robust human motion interference operating within the 60.48 GHz millimeter wave (mmWave) band is introduced.},
 author = {Wu, Kehan and Chen, Renqi and Wang, Haiyu and Ji, Chenqing and Zhu, Jiayuan and Wu, Guang},
 booktitle = {2024 IEEE Wireless Communications and Networking Conference (WCNC)},
 copyright = {https://doi.org/10.15223/policy-029},
 doi = {10.1109/WCNC57260.2024.10570770},
 isbn = {9798350303582},
 langid = {english},
 month = {April},
 pages = {1--6},
 publisher = {IEEE},
 title = {Passive Respiration Detection via mmWave Communication Signal under Interference},
 year = {2024}
}
