
@inproceedings{yangImplementationQuantumCommunication2023a,
 author = {Yang, Hongjia and Xu, Jiarui and Wang, Haiyu and Wen, Chaofan and Wu, Guang},
 booktitle = {2023 IEEE International Conference on Consumer Electronics (ICCE)},
 pages = {1--6},
 publisher = {IEEE},
 title = {Implementation of Anti-quantum Communication System Using Software-Defined Radio},
 year = {2023}
}
