
@patent{HaiYuWangHanJieGongJianTuXiangCaiJiXiTong2024,
  author = {{海玉 汪}},
  title = {焊接工件图像采集系统},
  number = {CN221210339U},
  year = {2024},
  month = jun,
  copyright = {All rights reserved},
  nationality = {中国}
}
